<marc:record xmlns:marc="http://www.loc.gov/MARC21/slim" xmlns:xsi="http://www.w3.org/2001/XMLSchema-instance" xsi:schemaLocation="http://www.loc.gov/MARC21/slim http://www.loc.gov/standards/marcxml/schema/MARC21slim.xsd">
  <marc:leader>     cam a2200445 a 4500</marc:leader>
  <marc:controlfield tag="001">001677178</marc:controlfield>
  <marc:controlfield tag="003">NNU</marc:controlfield>
  <marc:controlfield tag="005">19961107174532.1</marc:controlfield>
  <marc:controlfield tag="008">931012m18861888ua            000 0 ara d</marc:controlfield>
  <marc:datafield tag="020" ind1=" " ind2=" ">
    <marc:subfield code="a">0524083045 (microfiche)</marc:subfield>
  </marc:datafield>
  <marc:datafield tag="035" ind1="9" ind2=" ">
    <marc:subfield code="a">NYUb12220553</marc:subfield>
  </marc:datafield>
  <marc:datafield tag="035" ind1=" " ind2=" ">
    <marc:subfield code="a">(MH)MHBIY15615HU</marc:subfield>
  </marc:datafield>
  <marc:datafield tag="035" ind1=" " ind2=" ">
    <marc:subfield code="a">(CStRLIN)MAHGBIY15615-B</marc:subfield>
  </marc:datafield>
  <marc:datafield tag="040" ind1=" " ind2=" ">
    <marc:subfield code="d">CStRLIN</marc:subfield>
  </marc:datafield>
  <marc:datafield tag="050" ind1=" " ind2="4">
    <marc:subfield code="a">BP135.A128</marc:subfield>
    <marc:subfield code="b">Q3</marc:subfield>
  </marc:datafield>
  <marc:datafield tag="100" ind1="1" ind2=" ">
    <marc:subfield code="a">Qasṭallānī, Aḥmad ibn Muḥammad,</marc:subfield>
    <marc:subfield code="d">1447 or 8-1517 or 18.</marc:subfield>
  </marc:datafield>
  <marc:datafield tag="240" ind1="1" ind2="0">
    <marc:subfield code="a">Irshād al-sārī</marc:subfield>
  </marc:datafield>
  <marc:datafield tag="245" ind1="1" ind2="0">
    <marc:subfield code="a">Irshād al-sārī fi-sharḥ Ṣaḥīḥ al-Bukhārī /</marc:subfield>
    <marc:subfield code="c">taʼlīf Abī al-ʻAbbās Shihāb al-Dīn Aḥmad ibn Muḥammad al-Qastallānī. Wa-bi-hāmishihi Ṣaḥīḥ Muslim bi-Shurūḥ al-Nawawī</marc:subfield>
  </marc:datafield>
  <marc:datafield tag="250" ind1=" " ind2=" ">
    <marc:subfield code="a">Ṭabʻah jadīdah bil-ufset.</marc:subfield>
  </marc:datafield>
  <marc:datafield tag="260" ind1=" " ind2=" ">
    <marc:subfield code="a">al-Qāhirah :</marc:subfield>
    <marc:subfield code="b">al-Maṭbaʻah al-Amīrīyah,</marc:subfield>
    <marc:subfield code="c">1886-1888.</marc:subfield>
  </marc:datafield>
  <marc:datafield tag="300" ind1=" " ind2=" ">
    <marc:subfield code="a">10 v. ;</marc:subfield>
    <marc:subfield code="c">29 cm.</marc:subfield>
  </marc:datafield>
  <marc:datafield tag="500" ind1=" " ind2=" ">
    <marc:subfield code="a">Includes text of Ṣaḥīḥ al-Bukhārī.</marc:subfield>
  </marc:datafield>
  <marc:datafield tag="650" ind1=" " ind2="0">
    <marc:subfield code="a">Hadith</marc:subfield>
    <marc:subfield code="x">Criticism, interpretation, etc.</marc:subfield>
  </marc:datafield>
  <marc:datafield tag="700" ind1="1" ind2="2">
    <marc:subfield code="a">Bukhārī, Muḥammad ibn Ismāʻīl,</marc:subfield>
    <marc:subfield code="d">810-870.</marc:subfield>
    <marc:subfield code="t">Jāmiʻ al-ṣaḥīḥ.</marc:subfield>
    <marc:subfield code="f">1886.</marc:subfield>
  </marc:datafield>
  <marc:datafield tag="700" ind1="0" ind2="2">
    <marc:subfield code="a">Muslim ibn al-Ḥajjāj al-Qushayrī,</marc:subfield>
    <marc:subfield code="d">ca. 821-875.</marc:subfield>
    <marc:subfield code="t">Jāmiʻ al-ṣaḥīḥ.</marc:subfield>
    <marc:subfield code="f">1886.</marc:subfield>
  </marc:datafield>
  <marc:datafield tag="700" ind1="0" ind2="2">
    <marc:subfield code="a">Nawawī,</marc:subfield>
    <marc:subfield code="d">1233-1277.</marc:subfield>
    <marc:subfield code="t">Sharḥ Ṣaḥīḥ Muslim.</marc:subfield>
    <marc:subfield code="f">1886.</marc:subfield>
  </marc:datafield>
  <marc:datafield tag="740" ind1="0" ind2="2">
    <marc:subfield code="a">Jāmiʻ al-ṣaḥīḥ.</marc:subfield>
  </marc:datafield>
  <marc:datafield tag="740" ind1="0" ind2="2">
    <marc:subfield code="a">Sharḥ Ṣaḥīḥ Muslim.</marc:subfield>
  </marc:datafield>
  <marc:datafield tag="830" ind1=" " ind2="0">
    <marc:subfield code="a">ATLA monograph preservation program ;</marc:subfield>
    <marc:subfield code="v">ATLA fiche 1993-4009.</marc:subfield>
  </marc:datafield>
  <marc:datafield tag="950" ind1=" " ind2=" ">
    <marc:subfield code="l">BMAIN</marc:subfield>
    <marc:subfield code="a">BP135.A128</marc:subfield>
    <marc:subfield code="b">Q3</marc:subfield>
  </marc:datafield>
  <marc:datafield tag="955" ind1=" " ind2=" ">
    <marc:subfield code="l">BMAIN</marc:subfield>
    <marc:subfield code="c">1:v.1</marc:subfield>
    <marc:subfield code="r">027717498</marc:subfield>
  </marc:datafield>
  <marc:datafield tag="955" ind1=" " ind2=" ">
    <marc:subfield code="l">BMAIN</marc:subfield>
    <marc:subfield code="c">1:v.2</marc:subfield>
    <marc:subfield code="r">027717555</marc:subfield>
  </marc:datafield>
  <marc:datafield tag="955" ind1=" " ind2=" ">
    <marc:subfield code="l">BMAIN</marc:subfield>
    <marc:subfield code="c">1:v.3</marc:subfield>
    <marc:subfield code="r">027717613</marc:subfield>
  </marc:datafield>
  <marc:datafield tag="955" ind1=" " ind2=" ">
    <marc:subfield code="l">BMAIN</marc:subfield>
    <marc:subfield code="c">1:v.4</marc:subfield>
    <marc:subfield code="r">027717670</marc:subfield>
  </marc:datafield>
  <marc:datafield tag="955" ind1=" " ind2=" ">
    <marc:subfield code="l">BMAIN</marc:subfield>
    <marc:subfield code="c">1:v.5</marc:subfield>
    <marc:subfield code="r">027717738</marc:subfield>
  </marc:datafield>
  <marc:datafield tag="955" ind1=" " ind2=" ">
    <marc:subfield code="l">BMAIN</marc:subfield>
    <marc:subfield code="c">1:v.6</marc:subfield>
    <marc:subfield code="r">027717795</marc:subfield>
  </marc:datafield>
  <marc:datafield tag="955" ind1=" " ind2=" ">
    <marc:subfield code="l">BMAIN</marc:subfield>
    <marc:subfield code="c">1:v.7</marc:subfield>
    <marc:subfield code="r">027717852</marc:subfield>
  </marc:datafield>
  <marc:datafield tag="955" ind1=" " ind2=" ">
    <marc:subfield code="l">BMAIN</marc:subfield>
    <marc:subfield code="c">1:v.8</marc:subfield>
    <marc:subfield code="r">027717910</marc:subfield>
  </marc:datafield>
  <marc:datafield tag="955" ind1=" " ind2=" ">
    <marc:subfield code="l">BMAIN</marc:subfield>
    <marc:subfield code="c">1:v.9</marc:subfield>
    <marc:subfield code="r">027717977</marc:subfield>
  </marc:datafield>
  <marc:datafield tag="955" ind1=" " ind2=" ">
    <marc:subfield code="l">BMAIN</marc:subfield>
    <marc:subfield code="c">1:v.10</marc:subfield>
    <marc:subfield code="r">027718033</marc:subfield>
  </marc:datafield>
  <marc:datafield tag="998" ind1=" " ind2=" ">
    <marc:subfield code="s">9115</marc:subfield>
  </marc:datafield>
</marc:record>
